@article{vaswani2017attention,
  title={Attention is all you need},
  author={Vaswani, A},
  journal={Advances in Neural Information Processing Systems},
  year={2017}
}

@inproceedings{polanyi2004rule,
  title={A rule based approach to discourse parsing},
  author={Polanyi, Livia and Culy, Chris and Van Den Berg, Martin and Thione, Gian Lorenzo and Ahn, David},
  booktitle={Proceedings of the 5th SIGdial Workshop on Discourse and Dialogue at HLT-NAACL 2004},
  pages={108--117},
  year={2004}
}

@article{abraham2005rule,
  title={Rule-Based expert systems},
  author={Abraham, Ajith},
  journal={Handbook of measuring system design},
  year={2005},
  publisher={John Wiley \& Sons, Ltd Chichester, UK}
}

@article{koehn2009statistical,
  title={Statistical machine translation},
  author={Koehn, Philipp},
  journal={Cambridge UP},
  year={2009}
}

@article{charniak1997statistical,
  title={Statistical techniques for natural language parsing},
  author={Charniak, Eugene},
  journal={AI magazine},
  volume={18},
  number={4},
  pages={33--33},
  year={1997}
}

@article{mi2016supervised,
  title={Supervised attentions for neural machine translation},
  author={Mi, Haitao and Wang, Zhiguo and Ittycheriah, Abe},
  journal={arXiv preprint arXiv:1608.00112},
  year={2016}
}

@article{conneau2017supervised,
  title={Supervised learning of universal sentence representations from natural language inference data},
  author={Conneau, Alexis and Kiela, Douwe and Schwenk, Holger and Barrault, Lo{\"\i}c and Bordes, Antoine},
  journal={arXiv preprint arXiv:1705.02364},
  year={2017}
}

@article{lauriola2022introduction,
  title={An introduction to deep learning in natural language processing: Models, techniques, and tools},
  author={Lauriola, Ivano and Lavelli, Alberto and Aiolli, Fabio},
  journal={Neurocomputing},
  volume={470},
  pages={443--456},
  year={2022},
  publisher={Elsevier}
}

@article{peng2022survey,
  title={A survey on deep learning for textual emotion analysis in social networks},
  author={Peng, Sancheng and Cao, Lihong and Zhou, Yongmei and Ouyang, Zhouhao and Yang, Aimin and Li, Xinguang and Jia, Weijia and Yu, Shui},
  journal={Digital Communications and Networks},
  volume={8},
  number={5},
  pages={745--762},
  year={2022},
  publisher={Elsevier}
}

@article{henderson2020unstoppable,
  title={The unstoppable rise of computational linguistics in deep learning},
  author={Henderson, James},
  journal={arXiv preprint arXiv:2005.06420},
  year={2020}
}

@article{mikolov2013efficient,
  title={Efficient estimation of word representations in vector space},
  author={Mikolov, Tomas},
  journal={arXiv preprint arXiv:1301.3781},
  year={2013}
}

@inproceedings{pennington2014glove,
  title={Glove: Global vectors for word representation},
  author={Pennington, Jeffrey and Socher, Richard and Manning, Christopher D},
  booktitle={Proceedings of the 2014 conference on empirical methods in natural language processing (EMNLP)},
  pages={1532--1543},
  year={2014}
}

@article{hochreiter1997long,
  title={Long Short-term Memory},
  author={Hochreiter, S},
  journal={Neural Computation MIT-Press},
  year={1997}
}